@INPROCEEDINGS{Gerth95simpleon-the-fly,
  author = {Rob Gerth and Doron Peled and Moshe Y. Vardi and R. Gerth and Den Dolech Eindhoven and D. Peled and M. Y. Vardi and Pierre Wolper},
  title = {Simple On-the-fly Automatic Verification of Linear Temporal Logic},
  booktitle = {In Protocol Specification Testing and Verification},
  year = {1995},
  pages = {3--18},
  publisher = {Chapman \& Hall}
}